Automatically generated by Mendeley Desktop 1.19
Any changes to this file will be lost if it is regenerated by Mendeley.

BibTeX export options can be customized via Preferences -> BibTeX in Mendeley Desktop

@misc{Wire2017,
author = {Wire, Business},
keywords = {Realware,hmt-1},
title = {{RealWear to Unveil HMT-1 at RealWear Summit 2017}},
url = {https://www.businesswire.com/news/home/20170131005533/en/RealWear-Unveil-HMT-1-RealWear-Summit-2017},
urldate = {2018-06-15},
year = {2017}
}
@inproceedings{Pobiruchin2014,
abstract = {Smart glasses (SG) are on the verge of entering the mass market. Some physicians are already experimenting with SG in hospital settings. This paper gives a brief description of SG in general. Furthermore, several health-related situations in which SG might have beneficial influence are presented. However, there are perils or different kind and also open issues which need to be addressed.},
author = {Pobiruchin, Monika and Wiesner, Martin and Hetterich, Christian and Pfeifer, Daniel},
booktitle = {Conference on Medical Informatics in Europe 2014},
file = {:Users/hfs23/Library/Application Support/Mendeley Desktop/Downloaded/Pobiruchin et al. - 2014 - Improving Health Care Processes by Smart Glasses – Opportunities and Perils.pdf:pdf},
keywords = {Future Trends,Health Care,Smart Glasses},
title = {{Improving Health Care Processes by Smart Glasses – Opportunities and Perils}},
year = {2014}
}
@misc{Spinger2014,
author = {Spinger, Uta},
title = {{Bosch: Was Smart Glasses in der Logistik bringen - SAP News Center}},
url = {https://news.sap.com/germany/bosch-smart-glasses-der-logistik-bringen/},
urldate = {2018-06-08},
year = {2014}
}
@book{Taeger2017,
author = {Taeger, J{\"{u}}rgen},
keywords = {Datenschutz,Smartglasses},
mendeley-tags = {Datenschutz,Smartglasses},
publisher = {Oldenbzrger Forum der Rechtswissenschaften},
title = {{Chancen und Risiken von Smart Cams im {\"{o}}ffentlichen Raum}},
url = {https://books.google.de/books?hl=en{\&}lr={\&}id=CSJJDwAAQBAJ{\&}oi=fnd{\&}pg=PA17{\&}dq=Datenschutz+smart+glasses{\&}ots=06OwCe5iR9{\&}sig=reXhrzoapJl0tSQUqXq{\_}mkbD-AM{\#}v=onepage{\&}q=Datenschutz smart glasses{\&}f=false},
year = {2017}
}
@misc{Brandt2015,
abstract = {Die Uniklinik Mannheim hat vermutlich jahrelang Hygiene-Vorschriften f{\"{u}}r OP-Bestecke missachtet. Der Fall entwickelt sich zum beispiellosen Skandal.},
author = {Brandt, Klaus},
file = {:Users/hfs23/Library/Application Support/Mendeley Desktop/Downloaded/Brandt - 2015 - Uniklinik Mannheim Verdreckte Skalpelle k{\"{o}}nnten Zehntausende gef{\"{a}}hrdet haben.pdf:pdf},
title = {{Uniklinik Mannheim: Verdreckte Skalpelle k{\"{o}}nnten Zehntausende gef{\"{a}}hrdet haben}},
url = {https://www.zeit.de/wissen/gesundheit/2015-05/uniklinik-mannheim-hygiene-op-besteck},
urldate = {2018-06-06},
year = {2015}
}
@misc{Panetta2017a,
author = {Panetta, Kasey},
booktitle = {Gartner},
file = {:Users/hfs23/Library/Application Support/Mendeley Desktop/Downloaded/Panetta - 2017 - Gartner Top 10 Strategic Technology Trends for 2018 - Smarter With Gartner.pdf:pdf},
title = {{Gartner Top 10 Strategic Technology Trends for 2018 - Smarter With Gartner}},
url = {https://www.gartner.com/smarterwithgartner/gartner-top-10-strategic-technology-trends-for-2018/},
urldate = {2018-06-06},
year = {2017}
}
@unpublished{Plutz,
author = {Plutz, Martin and Böckmann, Markus Gro{\ss}e and Siebenkotten, Philipp and Schmitt, Robert},
file = {:Users/hfs23/Library/Application Support/Mendeley Desktop/Downloaded/Plutz et al. - 2016 - Smart Glasses in der Produktion.pdf:pdf},
institution = {Fraunhofer-Instituts für Produktionstechnologie IPT},
pages = {1--23},
title = {{Smart Glasses in der Produktion}},
year = {2016}
}
@misc{Young2013,
abstract = {Patienten, die an Retinopathia pigmentosa leiden, haben k{\"{u}}nftig die Wahl zwischen zwei Retina-Implantaten.},
author = {Young, Susan},
booktitle = {heise online},
title = {{Zweite k{\"{u}}nstliche Netzhaut erh{\"{a}}lt Zulassung | Technology Review}},
url = {https://www.heise.de/tr/artikel/Zweite-kuenstliche-Netzhaut-erhaelt-Zulassung-1920781.html},
urldate = {2018-06-15},
year = {2013}
}
@misc{Panetta2017,
author = {Panetta, Kasey},
file = {:Users/hfs23/Library/Application Support/Mendeley Desktop/Downloaded/Panetta - 2017 - Top Trends in the Gartner Hype Cycle for Emerging Technologies, 2017.jpg:jpg;:Users/hfs23/Library/Application Support/Mendeley Desktop/Downloaded/Panetta - 2017 - Top Trends in the Gartner Hype Cycle for Emerging Technologies, 2017.pdf:pdf},
keywords = {Gartner Hype Cycle},
mendeley-tags = {Gartner Hype Cycle},
title = {{Top Trends in the Gartner Hype Cycle for Emerging Technologies, 2017}},
url = {https://www.gartner.com/smarterwithgartner/top-trends-in-the-gartner-hype-cycle-for-emerging-technologies-2017/},
year = {2017}
}
@phdthesis{Ruther2014,
abstract = {Smart Glasses; Assistive Systems; Quality Assurance; Health Care and Prouction},
author = {R{\"{u}}ther, Stefan},
school = {Bielefeld University},
title = {{Assistive Systems for Quality Assurance by Context-Aware User Interfaces in Health Care and Production}},
year = {2014}
}
@techreport{Bertarini2014,
abstract = {Smart glasses are wearable devices that display real-time information directly in front of users' field of vision by us- ing Augmented Reality (AR) techniques. Generally, they can also perform more complex tasks, run some applica- tions, and support Internet connectivity. This paper pro- vides an overview of some methods that can be adopted to allow gesture-based interaction with smart glasses, as well as of some interaction design considerations. Additionally, it discusses some social effects induced by a wide-spread deployment of smart glasses as well as possible privacy concerns.},
address = {Zurich},
author = {Bertarini, Marica},
file = {:Users/hfs23/Library/Application Support/Mendeley Desktop/Downloaded/Bertarini - 2014 - Smart glasses Interaction, privacy and social implications.pdf:pdf},
institution = {ETH Zurich},
keywords = {Head-worn displays,Smart glasses,body interaction,in-air interaction,input tech- niques,interaction,pri- vacy,social implications},
mendeley-tags = {Head-worn displays,Smart glasses,body interaction,in-air interaction,input tech- niques,interaction,pri- vacy,social implications},
title = {{Smart glasses: Interaction, privacy and social implications}},
year = {2014}
}
@misc{Apple2018,
abstract = {Build unparalleled augmented reality experiences for hundreds of millions of users on iOS — the biggest AR platform in the world. With ARKit 2 on iOS 12, your AR apps can now be experienced by multiple users simultaneously, and resumed at a later time in the same state. You can also incorporate real-world objects into your AR experiences, giving your users even greater immersive opportunities.},
author = {Apple},
keywords = {AR-Kit,Apple,iOS},
title = {{Get Ready for ARKit 2}},
url = {https://developer.apple.com/arkit/},
urldate = {2018-06-15},
year = {2018}
}
@phdthesis{Svensson2015,
abstract = {In recent years, several interesting wearable products which originates from smartphone technology have been introduced on the market. One of these products which has increased in interest, but not yet received a commercial breakthrough, is smart glasses. As the technology is still young and undeveloped, few players have embarked on the market and there is still room for improvement. In this thesis, a specific usage area for smart glasses is explored: namely warehousing. This thesis is focused on the manual pick in a warehouse and how a user can confirm this pick. There are several different tools to help a user with this; confirming on a piece of paper, scan a barcode and voice recognition solutions. Consafe Logistics has developed a voice controlled solution which can be operated hands-free, which makes it possible for a user to use their hands exclusively for handling the pick. With Consafe's solution, the work was about twice as fast as when using a scanner to confirm a pick. This thesis will examine if the efficiency can be improved further by using smart glasses and if commercial use of smart glasses could have a future in warehousing. A major goal for this thesis was to investigate how to design an interface for smart glasses in order to make a product as usable as possible. Information on how to design an interface for smart glasses is scarce and in order to design a user friendly product, a user centered design process is employed. This thesis resulted in a proof of concept application which showed a tendency that the work proceeded faster and that the user was more confident in their work.},
author = {Svensson, Jonas and Thomasson, Jakob},
file = {:Users/hfs23/Library/Application Support/Mendeley Desktop/Downloaded/Svensson, Thomasson - 2015 - Improving Usability and Efficiency in Warehouse operation, using Smart Glasses.pdf:pdf},
keywords = {Smart Glasses},
mendeley-tags = {Smart Glasses},
school = {Lund University},
title = {{Improving Usability and Efficiency in Warehouse operation, using Smart Glasses}},
year = {2015}
}
@article{Niemoller2017,
abstract = {Die Einf{\"{u}}hrung von Smart Glasses er{\"{o}}ffnet neue Chancen f{\"{u}}r die Gestaltung zuk{\"{u}}nftiger Arbeitsprozesse. Bisher sind diese Technologien wenig erforscht und werden nur experimentell hinsichtlich einzelner Aspekte untersucht. Zur Priorisierung zuk{\"{u}}nftiger Forschungsthemen und Identifikation relevanter Problemstellungen f{\"{u}}r den Bereich der Wirtschaftsinformatik wurden daher explorative Fallstudien mit zwei Logistikdienstleistern durchgef{\"{u}}hrt. Zur Ermittlung relevanter Einsatzszenarien wurde eine Triangulation aus Experteninterviews, Beobachtungen und Fokusgruppen gew{\"{a}}hlt und durch eine systematische Literaturrecherche erg{\"{a}}nzt. Die 36 resultierenden Anwendungsf{\"{a}}lle wurden mithilfe einer Umfrage priorisiert und auf Basis ihrer qualitativen Aussagen bzgl. der Herausforderungen analysiert. Die Ergebnisse des Beitrags sind (1) Einsatzszenarien f{\"{u}}r Smart Glasses in der Logistik sowie (2) daraus abgeleitete Forschungsthemen f{\"{u}}r die Wirtschaftsinformatik. Somit leistet diese Studie einen Beitrag zur Forschung im Bereich des ganzheitlichen Designs von Dienstleistungssystemen und zuk{\"{u}}nftiger Aufgaben digitaler Arbeit.},
address = {Osnabrück},
author = {Niem{\"{o}}ller, Christina and Zobel, Benedikt and Berkemeier, Lisa and Metzger, Dirk and Werning, Sebastian and Adelmeyer, Thomas and Ickerott, Ingmar and Thomas, Oliver},
file = {:Users/hfs23/Library/Application Support/Mendeley Desktop/Downloaded/Niem{\"{o}}ller et al. - 2017 - Sind Smart Glasses die Zukunft der Digitalisierung von Arbeitsprozessen Explorative Fallstudien zuk{\"{u}}nftiger.pdf:pdf},
journal = {International Conference on Wirtschaftsinformatik (WI2017)},
keywords = {13 th international conference,2017,dienstleistungssysteme,digitalisierung von logistikprozessen,fallstudie,february 12-15,gallen,on wirtschaftsinformatik,smart glasses,st,switzerland},
number = {2017},
pages = {410--424},
title = {{Sind Smart Glasses die Zukunft der Digitalisierung von Arbeitsprozessen? Explorative Fallstudien zuk{\"{u}}nftiger Einsatzszenarien in der Logistik}},
url = {http://aisel.aisnet.org/cgi/viewcontent.cgi?article=1059{\&}context=wi2017},
year = {2017}
}
@misc{INTRALOGISTIK2016,
author = {INTRALOGISTIK},
file = {:Users/hfs23/Library/Application Support/Mendeley Desktop/Downloaded/INTRALOGISTIK - 2016 - Pick-by-Vision - Smart Glasses in der Kommissionierung.pdf:pdf},
title = {{Pick-by-Vision - Smart Glasses in der Kommissionierung}},
url = {https://intralogistik.tips/pick-by-vision-smart-glasses-in-der-kommissionierung/},
urldate = {2018-06-08},
year = {2016}
}
@incollection{Broll2013,
abstract = {Mycotoxins are small (MW approximately 700), toxic chemical products formed as secondary metabolites by a few fungal species that readily colonise crops and contaminate them with toxins in the field or after harvest. Ochratoxins and Aflatoxins are mycotoxins of major significance and hence there has been significant research on broad range of analytical and detection techniques that could be useful and practical. Due to the variety of structures of these toxins, it is impossible to use one standard technique for analysis and/or detection. Practical requirements for high-sensitivity analysis and the need for a specialist laboratory setting create challenges for routine analysis. Several existing analytical techniques, which offer flexible and broad-based methods of analysis and in some cases detection, have been discussed in this manuscript. There are a number of methods used, of which many are lab-based, but to our knowledge there seems to be no single technique that stands out above the rest, although analytical liquid chromatography, commonly linked with mass spectroscopy is likely to be popular. This review manuscript discusses (a) sample pre-treatment methods such as liquid-liquid extraction (LLE), supercritical fluid extraction (SFE), solid phase extraction (SPE), (b) separation methods such as (TLC), high performance liquid chromatography (HPLC), gas chromatography (GC), and capillary electrophoresis (CE) and (c) others such as ELISA. Further currents trends, advantages and disadvantages and future prospects of these methods have been discussed.},
archivePrefix = {arXiv},
arxivId = {arXiv:1011.1669v3},
author = {Broll, Wolfgang},
booktitle = {Virtual und Augmented Reality (VR/AR)},
doi = {10.1007/978-3-642-28903-3},
eprint = {arXiv:1011.1669v3},
isbn = {978-364-22890-3-3},
issn = {0170-6012},
keywords = {high resolution images,research,risks management,sustainable reconstruction},
pmid = {25246403},
title = {{Augmentierte Realit{\"{a}}t}},
year = {2013}
}
@misc{Epson,
author = {Epson},
file = {:Users/hfs23/Dropbox/MATSE/Bachelorarbeit/Abbildungen/Moverio{\_}BT-200.jpg:jpg},
keywords = {Moverio BT-200,Smart Glasses},
mendeley-tags = {Moverio BT-200,Smart Glasses},
title = {{Moverio BT-200 Smart Glasses}},
url = {https://epson.com/For-Work/Wearables/Smart-Glasses/Moverio-BT-200-Smart-Glasses-{\%}28Developer-Version-Only{\%}29/p/V11H560020},
urldate = {2018-06-15}
}
@article{ThomasDirkMetzgerHelmutNiegemannHrsg2018,
author = {{Thomas Dirk Metzger Helmut Niegemann Hrsg}, Oliver},
file = {:Users/hfs23/Library/Application Support/Mendeley Desktop/Downloaded/Thomas Dirk Metzger Helmut Niegemann Hrsg - 2018 - Digitalisierung in der Aus-und Weiterbildung Virtual und Augmented Reality f{\"{u}}r Indus.pdf:pdf},
title = {{Digitalisierung in der Aus-und Weiterbildung Virtual und Augmented Reality f{\"{u}}r Industrie 4.0}},
year = {2018}
}
@article{Hiranaka2017,
abstract = {Observation of surgical procedures performed by experts is extremely important for acquisition and improvement of surgical skills. Smart glasses are small computers, which comprise a head-mounted monitor and video camera, and can be connected to the internet. They can be used for remote observation of surgeries by video streaming. Although Google Glass is the most commonly used smart glasses for medical purposes, it is still unavailable commercially and has some limitations. This article reports the use of a different type of smart glasses, InfoLinker, for surgical video streaming. InfoLinker has been commercially available in Japan for industrial purposes for more than 2 years. It is connected to a video server via wireless internet directly, and streaming video can be seen anywhere an internet connection is available. We have attempted live video streaming of knee arthroplasty operations that were viewed at several different locations, including foreign countries, on a common web browser. Although the q...},
author = {Hiranaka, Takafumi and Nakanishi, Yuta and Fujishiro, Takaaki and Hida, Yuichi and Tsubosaka, Masanori and Shibata, Yosaku and Okimura, Kenjiro and Uemoto, Harunobu},
doi = {10.1177/1553350616685431},
file = {:Users/hfs23/Library/Application Support/Mendeley Desktop/Downloaded/Hiranaka et al. - 2017 - The Use of Smart Glasses for Surgical Video Streaming.pdf:pdf},
isbn = {1553350616685},
issn = {15533514},
journal = {Surgical Innovation},
keywords = {NOTES,orthopedic surgery,surgical education},
pmid = {28068887},
title = {{The Use of Smart Glasses for Surgical Video Streaming}},
year = {2017}
}
@techreport{Rauschnabel2015,
abstract = {Die Vermischung von virtuellen Welten mit der physischen Realität in einer smarten Datenbrille könnte schon bald die Medienlandschaft revolutionieren. Forschungsergebnisse zu den Chancen und Risiken dieser neuen Technologie für Unternehmen werden im vorliegenden Beitrag diskutiert.},
author = {Rauschnabel, Philipp A.},
file = {:Users/hfs23/Library/Application Support/Mendeley Desktop/Downloaded/Rauschnabel - 2015 - Einsatzmöglichkeiten von Smart Glasses in Unternehmen.pdf:pdf},
institution = {University of Michigan},
keywords = {Smart Glasses},
mendeley-tags = {Smart Glasses},
title = {{Einsatzmöglichkeiten von Smart Glasses in Unternehmen}},
year = {2015}
}
@misc{HygieneFuldar2012,
booktitle = {Frankfurter Allgemeine Zeitung},
file = {:Users/hfs23/Library/Application Support/Mendeley Desktop/Downloaded/Unknown - 2012 - Hygiene-Skandal am Fuldaer Klinikum Mancher glaubt bis heute an Sabotage - Rhein-Main.pdf:pdf},
keywords = {Hygieneskandal,Sterilgutversorgung},
mendeley-tags = {Hygieneskandal,Sterilgutversorgung},
title = {{Hygiene-Skandal am Fuldaer Klinikum: Mancher glaubt bis heute an Sabotage - Rhein-Main}},
url = {http://www.faz.net/aktuell/rhein-main/hygiene-skandal-am-fuldaer-klinikum-mancher-glaubt-bis-heute-an-sabotage-11648542.html},
urldate = {2018-06-06},
year = {2012}
}
@article{EUDGConnect2016,
abstract = {Smart Wearables offer unprecedented opportunities for tackling pressing societal challenges by providing solutions in the areas of healthy ageing, patient monitoring, emergency management, safety at work, productivity enhancement, energy management of homes and others. The European Parliament Scientific and Technology Options Assessment Panel (STOA) identified wearables as one of the ten technologies which will change our lives. Market prospects for wearables are very promising: wearables shipments are forecasted to increase to {\$}150 billion by 2026 from the estimated level of {\$}30bn in 2016.},
author = {{EU DG Connect}},
file = {:Users/hfs23/Library/Application Support/Mendeley Desktop/Downloaded/EU DG Connect - 2016 - Smart Wearables Reflection and Orientation Paper.pdf:pdf},
pages = {31},
title = {{Smart Wearables : Reflection and Orientation Paper}},
year = {2016}
}
@misc{Vuzix2018,
author = {Vuzix},
title = {{Vuzix M300 Smart Glasses}},
url = {https://www.vuzix.com/products/m300-smart-glasses},
urldate = {2018-06-15},
year = {2018}
}
@misc{Bilton2015,
author = {Bilton, Nick},
booktitle = {The New York Times},
keywords = {Google Glass,Smart glasses,Smartglasses},
mendeley-tags = {Google Glass,Smart glasses,Smartglasses},
title = {{Why Google Glass Broke}},
url = {https://www.nytimes.com/2015/02/05/style/why-google-glass-broke.html},
urldate = {2018-06-15},
year = {2015}
}
@unpublished{Due2014Glasses,
abstract = {This paper discusses the different issues that arise in conjunction with the development of smart glasses, e.g., Google Glass. It is a conceptual and theoretical essay that discusses whether smart glasses will be used and how they might be used. It demonstrates how different problems need to be addressed in the near future, e.g., problems with social interaction, psychological issues, technology development, legal and eye issues and questions of retail. It concludes by outlining the pros and cons of smart glasses as they are.},
address = {Copenhagen},
author = {Due, Brian L.},
doi = {978-87-93300-02-6},
file = {:Users/hfs23/Library/Application Support/Mendeley Desktop/Downloaded/Due - 2014 - The future of smart glasses An essay about challenges and possibilities with smart glasses.pdf:pdf},
institution = {Centre of Interaction Research and Communication Design, University of Copenhagen},
keywords = {Future of smartglasses,Smartglasses},
mendeley-tags = {Future of smartglasses,Smartglasses},
pages = {1--21},
series = {Working papers on interaction and communication},
title = {{The future of smart glasses: An essay about challenges and possibilities with smart glasses}},
year = {2014}
}
@misc{Schwan2014,
author = {Schwan, Ben},
booktitle = {heise online },
title = {{Technik geht ins Auge: Der Trend zur elektronischen Kontaktlinse | heise online}},
url = {https://www.heise.de/newsticker/meldung/Technik-geht-ins-Auge-Der-Trend-zur-elektronischen-Kontaktlinse-2098418.html},
urldate = {2018-06-15},
year = {2014}
}
@misc{McGee,
author = {McGee, Matt},
title = {{TIME Names Google Glass A 'Best Invention Of 2012' - Marketing Land}},
url = {https://marketingland.com/time-names-google-glass-a-best-invention-of-2012-25933},
urldate = {2018-06-06}
}
@article{Title2015,
abstract = {science The use of smart glasses in healthcare – review Demographic features of type 2 diabetes patients are associated with diabetes con-trol in terms of primary health care also Heat Stroke. Review Effect of Left Ventricular Systolic Dysfunc-tion on Renal Transplantation Outcomes: A Paired Kidney Analysis Music therapy – history of development (part 2) Is there a limit for expanding criteria of kid-ney donors? How far can we go?},
author = {Title, Running and Count, Word and Of, Conflict},
file = {:Users/hfs23/Library/Application Support/Mendeley Desktop/Downloaded/Title, Count, Of - 2015 - The use of smart glasses in healthcare - review.pdf:pdf},
journal = {MEDtube Science},
number = {4},
pages = {8--37},
title = {{The use of smart glasses in healthcare - review}},
url = {https://medtube.net/science/wp-content/uploads/2017/03/04-2015.pdf{\#}page=31},
volume = {4},
year = {2015}
}
@article{Zheng2015,
abstract = {Wearable technology, such as Google Glass, offers potential benefits to engineers in industrial settings. We designed and developed a wearable solution for industrial maintenance, which 1) provides workflow guidance to the user, 2) supports hands-free operation, 3) allows the users to focus on their work, and 4) enables an efficient way for collaborating with a remote expert. The prototype, which was demonstrated at InnoTrans 2014, the largest international trade show for train technology, received positive feedback from many potential users and customers.},
author = {Zheng, Xianjun Sam and da Silva, Patrik Matos and Foucault, Cedric and Dasari, Siddharth and Yuan, Meng and Goose, Stuart},
doi = {10.1145/2702613.2725442},
file = {:Users/hfs23/Library/Application Support/Mendeley Desktop/Downloaded/Zheng et al. - 2015 - Wearable Solution for Industrial Maintenance.pdf:pdf},
isbn = {9781450331463},
journal = {Extended Abstracts of the ACM CHI'15 Conference on Human Factors in Computing Systems},
number = {June 2014},
pages = {311--314},
title = {{Wearable Solution for Industrial Maintenance}},
url = {http://dx.doi.org/10.1145/2702613.2725442},
volume = {2},
year = {2015}
}
@misc{Manokaran-Pathamathan2017,
author = {Manokaran-Path,amathan, Mathura},
file = {:Users/hfs23/Library/Application Support/Mendeley Desktop/Downloaded/Manokaran-Path,amathan - 2017 - Industrie 4.0 – Einsatz von Smart Wearables bei der Arbeitsunterst{\"{u}}tzung.pdf:pdf},
title = {{Industrie 4.0 – Einsatz von Smart Wearables bei der Arbeitsunterst{\"{u}}tzung}},
url = {http://accso.de/magazin/smart-wearables/},
urldate = {2018-06-08},
year = {2017}
}
@unpublished{Berkemeier2017,
abstract = {Mit der zunehmenden Verbreitung von mobilen Informationssystemen und dem Auf- kommen neuer Technologien stehen die relevanten Stakeholder vor der Herausforderung, Aspekte des Datenschutzes und darüber hinaus der informationellen Selbstbestimmung zu erfassen und geeignete Ma{\ss}nahmen zur Sicherung dieser einzuleiten. Insbesondere die Einführung von Smart Glasses wird hinsichtlich datenschutzrechtlicher Bedenken kontrovers diskutiert. Dieser Diskurs ist einerseits an die neuen Rahmenbedingungen für den Schutz personenbezogener Daten nach der EU-Datenschutzgrundverordnung anzupassen. Andererseits sind aufgrund der Neuheit dieser Technologie die datenschutzrechtlichen Anforderungen und möglichen Gestaltungsvorschlägen für Smart Glasses-basierende Informationssysteme zu entwickeln, für die es bisher aufgrund der Neu- heit der Technologie noch an konkreten Ansätzen fehlt. Angelehnt an die Methode der Konkreti- sierung rechtlicher Anforderungen werden technische und organisatorische Gestaltungsvorschläge, unter der Prämisse des Datenschutzes, in Form eines Frameworks für die Konstruktion und Im- plementierung von Smart Glasses im betrieblichen Einsatz erarbeitet. Aus dem Framework können spezifische Datenschutzma{\ss}nahmen für konkrete Anwendungsfälle abgeleitet werden.},
address = {Bonn},
author = {Berkemeier, Lisa and McGuire, Mary-Rose and Steinmann, Sabrina and Niemöller, Christina and Thomas, Oliver},
file = {:Users/hfs23/Library/Application Support/Mendeley Desktop/Downloaded/Berkemeier et al. - 2017 - Datenschutzrechtliche Anforderungen an Smart Glasses- basierende Informationssysteme in der Logistik.pdf:pdf},
institution = {Gesellschaft f{\"{u}}r Informatik},
keywords = {BDSG,DSGVO,Datenschutz,Informationsprivatheit,KORA,Logis- tik,Smart Glasses},
mendeley-tags = {BDSG,DSGVO,Datenschutz,Informationsprivatheit,KORA,Logis- tik,Smart Glasses},
title = {{Datenschutzrechtliche Anforderungen an Smart Glasses- basierende Informationssysteme in der Logistik}},
year = {2017}
}
@phdthesis{Farnaz2016,
abstract = {As technology is growing rapidly and integrating itself to all aspects of people's life, designers and developers try to provide a more pleasant experience of technology to people. One of the technology trends which aims to make life easier is wearable computing. Wearables aim to assist people to be in control of their life by augmenting the real life with extra information constantly and ubiquitously. One of the growing trends of wearable computing is Head Mounted Displays (HMD), as the head is a great gateway to receive audio, visual and haptic information. Also due to the Google Glass project, wearables in form of glasses gained much more attention during last years. However, because of the early stages of the technology adaptation, there is still much to explore on social acceptancy, key use cases and design directions of glasses as a type of wearable computing. This thesis has two stages. In the first stage, the aim is to explore the different use cases of a wearable eye tracker concept in different context and study the user's perception of such a device. To accomplish this objective a user study with (n=12) participants were conducted using the experience sampling methods (ESM) and employing a mock-up of a smart-glasses as a design probe. In the second stage the focus is to design different alternatives for a wearable eye tracker concept and evaluate the concepts by conducting focus groups (n=14) to understand the user perceptions toward different industrial design concepts of such a system.},
author = {Farnaz, Vahab Pour Roudsari},
file = {:Users/hfs23/Library/Application Support/Mendeley Desktop/Downloaded/Farnaz - 2016 - Smart Glasses Design-Exploring user perception of wearable computing.pdf:pdf},
keywords = {Wearable computing,experience sampling method,technology acceptance,user studies},
mendeley-tags = {Wearable computing,experience sampling method,technology acceptance,user studies},
pages = {95},
school = {University of Lapland},
title = {{Smart Glasses Design-Exploring user perception of wearable computing}},
year = {2016}
}
@article{Huck-Fries2017,
abstract = {Die Digitalisierung der Instandhaltungsbranche ist durch einen zunehmenden Grad der Mobilisierung von Technologien gekennzeichnet. Datenbrillen versprechen durch die M{\"{o}}glichkeit der freih{\"{a}}ndigen Bedienung elementare Vorteile in Bezug auf die Geschwindigkeit, Fehlerfreiheit und Benutzerfreundlichkeit. Insbesondere im Kontext der Wartung bieten Datenbrillen die M{\"{o}}glichkeit, Mitarbeiter mit Schritt-f{\"{u}}r-Schritt Anleitungen zu unterst{\"{u}}tzen, ohne dass diese ihre Arbeit unterbrechen m{\"{u}}ssen. Bisher gestaltete sich jedoch die Interaktion mit der Technologie als wesentlicher limitierender Faktor. Weiterhin fehlen empirische Nachweise, welche Bedienmodalit{\"{a}}t mit der Datenbrille sich f{\"{u}}r die Arbeitsweise von Servicetechnikern eignet. Innerhalb der vorliegenden Studie wurde ein Experiment mit 130 Probanden durchgef{\"{u}}hrt, die eine repr{\"{a}}sentative Verteilerwartung mithilfe von Buttons, Sprach- und Gestensteuerung durchf{\"{u}}hrten. Anschlie{\ss}end wurden Beanspruchung, Benutzerfreundlichkeit und Zeit evaluiert. Die Resultate zeigten, dass Sprache die Eingabemethode mit der niedrigsten Beanspruchung und h{\"{o}}chsten Benutzerfreundlichkeit ist. Die Ergebnisse dienen sowohl f{\"{u}}r Forschung als auch Praxis als Grundlage f{\"{u}}r Bewertung und Potenzialeinsch{\"{a}}tzung von Datenbrillenanwendungen in der Wartung.},
author = {Huck-Fries, Veronika and Wiegand, Florian and Klinker, Kai and Wiesche, Manuel and Krcmar, Helmut},
doi = {10.18420/in2017},
isbn = {9783885796695},
issn = {1617-5468},
journal = {Informatik 2017},
keywords = {datenbrillen,eingabemodalit{\"{a}}ten,mensch-maschine-interaktion,wartung},
pages = {585--596},
title = {{Datenbrillen in der Wartung : Evaluation verschiedener Eingabemodalit{\"{a}}ten bei Servicetechnikern}},
year = {2017}
}
@book{Schwenke2016,
abstract = {Paper enth{\"{a}}lt sowohl technologische details zu SG, vor und nachteile von sG, sowie Komplikationen hinsichtlich Datenschutz, infos {\"{u}}ber erste sg am markt,},
author = {Schwenke, Thomas},
file = {:Users/hfs23/Dropbox/MATSE/Bachelorarbeit/Quellen/schwenke-smartglasses{\_}cc{\_}by{\_}nc{\_}nd.pdf:pdf},
isbn = {9783955990299},
keywords = {Datenschutz,Smartglasses},
mendeley-tags = {Datenschutz,Smartglasses},
title = {{Private Nutzung von Smartglasses im {\"{o}}ffentlichen Raum}},
year = {2016}
}
@misc{Huvelin2017,
author = {Huvelin, Gr{\'{e}}goire},
keywords = {Glass Enterprise Edition,Google Glass},
mendeley-tags = {Glass Enterprise Edition,Google Glass},
title = {{Glass Enterprise Edition : Non, les Google Glass ne sont pas mortes !}},
url = {https://www.goglasses.fr/google-glass/enterprise-edition-google-glass-usages},
urldate = {2018-06-15},
year = {2017}
}
@misc{Schreier,
abstract = {Der Kontraktlogistiker DHL Supply Chain setzt beim Kommissionieren konsequent auf Augmented Reality. Der Einsatz von Smart Glasses hat in einem Pilotprogramm durchschnittlich eine 15-prozentige Produktivit{\"{a}}tssteigerung bei geringerer Fehlerquote und besseren Nutzerbewertungen gebracht.},
author = {Schreier, J{\"{u}}rgen},
file = {:Users/hfs23/Library/Application Support/Mendeley Desktop/Downloaded/Schreier - Unknown - Smart Glasses werden Standard in DHL-Lagern.pdf:pdf},
title = {{Smart Glasses werden Standard in DHL-Lagern}},
url = {https://www.industry-of-things.de/smart-glasses-werden-standard-in-dhl-lagern-a-630974/},
urldate = {2018-06-08}
}
@misc{Reckmann2014,
author = {Reckmann, Tim},
booktitle = {Wikimedia},
title = {{Google Glass Model.jpg - Wikimedia Commons}},
url = {https://commons.wikimedia.org/wiki/File:Google{\_}Glass{\_}Model.jpg},
urldate = {2018-06-15},
year = {2014}
}
@misc{DeutschePostDHLGroup2017,
author = {{Deutsche Post DHL Group}},
file = {:Users/hfs23/Library/Application Support/Mendeley Desktop/Downloaded/Deutsche Post DHL Group - 2017 - DHL Supply Chain etabliert Datenbrillen als neuen Standard in der Logistik.pdf:pdf},
keywords = {DHL,Datenbrillen,Logistik,Smartglasses},
mendeley-tags = {DHL,Datenbrillen,Logistik,Smartglasses},
title = {{DHL Supply Chain etabliert Datenbrillen als neuen Standard in der Logistik}},
url = {http://www.dpdhl.com/de/presse/pressemitteilungen/2017/dhl{\_}supply{\_}chain{\_}etabliert{\_}datenbrillen{\_}standard{\_}logistik.html},
urldate = {2018-06-08},
year = {2017}
}
@misc{Realwear2018,
author = {Realwear},
file = {:Users/hfs23/Dropbox/MATSE/Bachelorarbeit/Abbildungen/HMT-1{\_}with{\_}helmet.png:png},
keywords = {hmt-1,realwear},
mendeley-tags = {hmt-1,realwear},
title = {{Realwear hmt-1}},
url = {https://www.realwear.com/products/hmt-1},
urldate = {2018-06-15},
year = {2018}
}
@misc{Levy2015,
author = {Levy, Heather Pemberton},
file = {:Users/hfs23/Library/Application Support/Mendeley Desktop/Downloaded/Levy - 2015 - What's New in Gartner's Hype Cycle for Emerging Technologies, 2015.png:png;:Users/hfs23/Library/Application Support/Mendeley Desktop/Downloaded/Levy - 2015 - What's New in Gartner's Hype Cycle for Emerging Technologies, 2015.pdf:pdf},
keywords = {Hype Cycle},
mendeley-tags = {Hype Cycle},
title = {{What's New in Gartner's Hype Cycle for Emerging Technologies, 2015}},
url = {https://www.gartner.com/smarterwithgartner/whats-new-in-gartners-hype-cycle-for-emerging-technologies-2015/},
year = {2015}
}
@article{Dobbelstein2016,
abstract = {Interaction with wearable devices such as smartglasses is yet a problem. While the input space is limited, the inter- action itself can have strong social implications in public spaces. Missing social conventions and technology appre- hension can affect the users willingness to perform interac- tion in public. One possible way to address this, is to reach for preferably unobtrusive interactions that do not cast a lot of attention upon the user. Social acceptance may then rise due to continued exposure with the technology.},
author = {Dobbelstein, David},
doi = {10.1145/2851581.2859016},
file = {:Users/hfs23/Library/Application Support/Mendeley Desktop/Downloaded/Dobbelstein - 2016 - Unobtrusive Interaction for Wearable Computing.pdf:pdf},
isbn = {9781450340823},
journal = {Proceedings of the 2016 CHI Conference Extended Abstracts on Human Factors in Computing Systems - CHI EA '16},
keywords = {Social acceptance,Unobtrusive,Wearable input},
pages = {203--207},
title = {{Unobtrusive Interaction for Wearable Computing}},
url = {http://dl.acm.org/citation.cfm?doid=2851581.2859016},
year = {2016}
}
@article{Ernst2016,
abstract = {Augmented reality smartglasses (ARSG) allow users to place virtual 3D representations of real objects, i.e., holograms, into a user's physical surroundings. For example, users can choose to place a virtual clock on their wall instead of the real physical object. We argue that being able to have fewer physical devices and products by replacing these objects with holograms offers multiple utilitarian and hedonic benefits. More specifically, we postulate that Perceived Substitutability, the extent to which a person believes that ARSG are able to substitute his/her real-life objects with virtual ones, is a positive influence factor of both Perceived Usefulness and Perceived Enjoyment, thus indirectly influencing ARSG usage. After collecting 109 questionnaires about Microsoft HoloLens and applying a SEM approach, our research model is confirmed, suggesting that manufacturers need to emphasize the utilitarian and hedonic benefits of their ARSG as well as promote their device's capability of substituting physical objects.},
author = {Ernst, Claus-Peter H. and Stock, Bastian and {dos Santos Ferreira}, Tiago Patrick},
file = {:Users/hfs23/Library/Application Support/Mendeley Desktop/Downloaded/Ernst, Stock, dos Santos Ferreira - 2016 - The Usage of Augmented Reality Smartglasses The Role of Perceived Substitutability.pdf:pdf},
journal = {AMCIS 2016 Proceedings},
keywords = {augmented reality smartglasses,enjoyment,substitutability,usefulness},
title = {{The Usage of Augmented Reality Smartglasses: The Role of Perceived Substitutability}},
year = {2016}
}
@article{Klinker2018,
author = {Klinker, Kai and Berkemeier, Lisa and Zobel, Benedikt and W{\"{u}}ller, Hanna and Huck-, Veronika and Wiesche, Manuel and Remmers, Hartmut and Thomas, Oliver and Krcmar, Helmut},
file = {:Users/hfs23/Library/Application Support/Mendeley Desktop/Downloaded/Klinker et al. - 2018 - Structure for innovations A use case taxonomy for smart glasses in service processes.pdf:pdf},
keywords = {health care,maintenance,service,smart glasses,taxonomy},
pages = {1599--1610},
title = {{Structure for innovations : A use case taxonomy for smart glasses in service processes}},
year = {2018}
}
@misc{statistaSmartwatches2014-2018,
author = {{(Statista 2018)}},
title = {{Global smartwatch unit sales 2014-2018}},
url = {https://www.statista.com/statistics/538237/global-smartwatch-unit-sales/},
urldate = {2018-06-06}
}
@misc{Donath2014,
abstract = {Google hat einen Patentantrag f{\"{u}}r Kontaktlinsen mit integrierter Kamera und Bildschirm eingereicht. Sie k{\"{o}}nnten Sehbehinderten helfen oder Gesichtserkennung erm{\"{o}}glichen.},
author = {Donath, Andreas},
title = {{Wearables: Google patentiert Kontaktlinsen mit Kamera | ZEIT ONLINE}},
url = {https://www.zeit.de/digital/mobil/2014-04/google-kontaktlinse-kamera-patent},
urldate = {2018-06-15},
year = {2014}
}
@misc{Ives2017,
author = {Ives, James},
title = {{Separating Clean and Sterile Areas with Pass Through Autoclaves | Sterilization {\&} Infection Control Blog}},
url = {https://tuttnauer.com/blog/separating-clean-and-sterile-areas-with-pass-through-autoclaves},
urldate = {2018-06-13},
year = {2017}
}
@incollection{Hein2016,
abstract = {Augmented Reality Smart Glasses are an emerging new wearable technology that in-tegrates virtual information in a user's view-field. In this article, the authors discuss the opportunities of smart glasses in the context of Enterprise Social Networks (ESN). A proposed conceptual model is developed that demonstrates the underlying mechanisms that drive smart glasses ESN adoption on a firm level. Furthermore, on the individual employee level, the authors propose the antecedents to active and passive use. The theoretical contribution is a comprehensive hierarchical model that extends prior tech-nology acceptance and ESN research. On the managerial front, the article provides gui-dance to managers who aim at achieving competitive advantages by improving know-ledge management through the use of new wearable Augmented Reality technologies.},
archivePrefix = {arXiv},
arxivId = {arXiv:1011.1669v3},
author = {Hein, Daniel W E and Rauschnabel, Philipp A and Hein, D W E and Rauschnabel, P A},
booktitle = {Enterprise Social Networks},
doi = {10.1007/978-3-658-12652-0_5},
eprint = {arXiv:1011.1669v3},
file = {:Users/hfs23/Library/Application Support/Mendeley Desktop/Downloaded/Hein et al. - 2016 - Augmented Reality Smart Glasses and Knowledge Management A Conceptual Framework for Enterprise Social Networks.pdf:pdf},
isbn = {9788578110796},
issn = {1098-6596},
pmid = {25246403},
title = {{Augmented Reality Smart Glasses and Knowledge Management: A Conceptual Framework for Enterprise Social Networks}},
year = {2016}
}
@article{Li2017,
abstract = {Augmented reality (AR) has recently become a worldwide research topic. AR technology renders intuitive computer-generated contents on users' physical surroundings. To improve process efficiency and productivity, researchers and developers have paid increasing attention to AR applications in engineering analysis and simulation. The integration of AR with numerical simulation, such as the finite element method, provides a cognitive and scientific way for users to analyze practical problems. By incorporating scientific visualization technologies, an AR-based system superimposes engineering analysis and simulation results directly on real-world objects. Engineering analysis and simulation involving diverse types of data are normally processed using specific computer software. Correct and effective visualization of these data using an AR platform can reduce the misinterpretation in spatial and logical aspects. Moreover, tracking performance of the AR platforms in engineering analysis and simulation is crucial as it influences the overall user experience. The operating environment of the AR platforms requires robust tracking performance to deliver stable and accurate information to the users. In addition, over the past several decades, AR has undergone a transition from desktop to mobile computing. The portability and propagation of mobile platforms has provided engineers with convenient access to relevant information in situ. However, on-site working environment imposes constraints on the development of mobile AR-based systems. This paper aims to provide a systematic overview of AR in engineering analysis and simulation. The visualization, tracking techniques as well as the implementation on mobile platforms are discussed. Each technique is analyzed with respect to its pros and cons, as well its suitability to particular types of applications.},
author = {Li, Wenkai and Nee, A. and Ong, S.},
doi = {10.3390/mti1030017},
file = {:Users/hfs23/Library/Application Support/Mendeley Desktop/Downloaded/Li, Nee, Ong - 2017 - A State-of-the-Art Review of Augmented Reality in Engineering Analysis and Simulation.pdf:pdf},
isbn = {2414-4088},
issn = {2414-4088},
journal = {Multimodal Technologies and Interaction},
title = {{A State-of-the-Art Review of Augmented Reality in Engineering Analysis and Simulation}},
year = {2017}
}
@article{Lee2017,
abstract = {Since the launch of Google Glass in 2014, smart glasses have mainly been designed to support micro-interactions. The ultimate goal for them to become an augmented reality interface has not yet been attained due to an encumbrance of controls. Augmented reality involves superimposing interactive computer graphics images onto physical objects in the real world. This survey reviews current research issues in the area of human computer interaction for smart glasses. The survey first studies the smart glasses available in the market and afterwards investigates the interaction methods proposed in the wide body of literature. The interaction methods can be classified into hand-held, touch, and touchless input. This paper mainly focuses on the touch and touchless input. Touch input can be further divided into on-device and on-body, while touchless input can be classified into hands-free and freehand. Next, we summarize the existing research efforts and trends, in which touch and touchless input are evaluated by a total of eight interaction goals. Finally, we discuss several key design challenges and the possibility of multi-modal input for smart glasses.},
archivePrefix = {arXiv},
arxivId = {1707.09728},
author = {Lee, Lik-Hang and Hui, Pan},
doi = {10.1109/ACCESS.2018.2831081},
eprint = {1707.09728},
file = {:Users/hfs23/Library/Application Support/Mendeley Desktop/Downloaded/Lee, Hui - 2017 - Interaction Methods for Smart Glasses.pdf:pdf},
issn = {21693536},
number = {0},
pages = {1--35},
title = {{Interaction Methods for Smart Glasses}},
url = {http://arxiv.org/abs/1707.09728},
volume = {1},
year = {2017}
}
@misc{Reckmann2014a,
author = {Reckmann, Tim},
booktitle = {Wikimedia},
keywords = {Google Glass,Google Glass Explorer Edition},
mendeley-tags = {Google Glass,Google Glass Explorer Edition},
title = {{Google Glass Explorer Edition}},
url = {https://upload.wikimedia.org/wikipedia/commons/d/dd/Google{\_}Glass{\_}Main.jpg},
urldate = {2018-06-15},
year = {2014}
}
@article{Schweizer2014,
abstract = {The maturing field of wearable computing aims to inter-weave computing devices into everyday life. This report fo-cuses on smart glasses, one of the categories of wearable computing devices which is very present in the media and expected to be a big market in the next years. It analyses the differences from smart glasses to other smart devices, in-troduces many possible applications for different target au-diences and gives an overview of the different smart glasses which are available now or should be available in the next few years. Interesting technological features of the smart glasses are highlighted and explained.},
author = {Schweizer, Herman},
file = {:Users/hfs23/Library/Application Support/Mendeley Desktop/Downloaded/Schweizer - 2014 - Smart glasses technology and applications.pdf:pdf},
journal = {Ubiquitous computing seminar},
title = {{Smart glasses: technology and applications}},
year = {2014}
}
@article{Meiners2016,
author = {Meiners, Andreas},
file = {:Users/hfs23/Library/Application Support/Mendeley Desktop/Downloaded/Meiners - 2016 - Industrie 4.0 Smart Glasses f{\"{u}}r den Logistiksektor.pdf:pdf},
journal = {Ihkmagazin},
number = {August},
pages = {34--35},
title = {{Industrie 4.0 : Smart Glasses f{\"{u}}r den Logistiksektor}},
year = {2016}
}
@misc{Inc.2018,
author = {Google},
title = {{Glass}},
url = {https://x.company/glass/},
urldate = {2018-06-15},
year = {2018}
}
@unpublished{Zobel2016,
abstract = {Mobile Endgeräte werden immer präsenter am Arbeitsplatz. Insbesondere für nicht- stationäre Anwendungsgebiete und dynamische Prozesslandschaften, wie in der Logistik, sind Mobilität und Flexibilität entscheidend. Smart Glasses und weitere Wearables vereinen diese Eigenschaften, sind einfach auf unterschiedliche Anwendungsfälle adaptierbar und beeinträchtigen dabei nicht die Bewegungsfreiheit wie herkömmliche handgeführte Bediengeräte. Für eine effiziente und zielorientierte Auswahl und Einführung solcher Technologien ist die Gebrauchs- tauglichkeit zu berücksichtigen. Gängige Usability-Richtlinien sind nicht auf die speziellen Anfor- derungen von Smart Glasses angepasst. In diesem Beitrag wird deshalb ein, durch eine systematische Literaturrecherche erarbeitetes, Usability-Framework vorgestellt, das konkret auf diese Anforderungen eingeht und auf konventionellen Richtlinien aufbaut. Dieses Framework eröffnet für Forschung und Praxis Möglichkeiten zur Untersuchung der Usability von Smart Glasses und ähnlichen Wearables und bietet durch die Literaturrecherche einen Überblick des aktuellen Wissenstandes als Ausgangspunkt für weitere Forschung im Bereich Usability mobiler Endgeräte.},
author = {Zobel, Benedikt and Berkemeier, Lisa and Werning, Sebastian and Thomas, Oliver},
file = {:Users/hfs23/Library/Application Support/Mendeley Desktop/Downloaded/Zobel et al. - 2016 - Augmented Reality am Arbeitsplatz der Zukunft Ein Usability-Framework für Smart Glasses.pdf:pdf},
institution = {Gesellschaft für Informatik},
keywords = {DIN EN ISO 9241-11,Logistik,Smart Glasses,Usability,Wearables},
mendeley-tags = {DIN EN ISO 9241-11,Logistik,Smart Glasses,Usability,Wearables},
title = {{Augmented Reality am Arbeitsplatz der Zukunft: Ein Usability-Framework für Smart Glasses}},
year = {2016}
}
