@misc{FrancisHybridApp,
    title = {{5 Points to Consider Before Making a Hybrid Mobile App}},
    year = {2015},
    author = {Francis, Paul},
    url = {https://www.apptentive.com/blog/2015/08/25/5-points-to-consider-before-making-a-hybrid-mobile-app/},
    keywords = {Hybrid, nativeFeeling}
}

@misc{BumbDifferencesAngular1AndAngular2,
    title = {{7 key differences between Angular 1 and Angular 2}},
    year = {2016},
    author = {Bumb, Mohit},
    url = {http://bindasmonkeys.com/7-key-differences-angular-1-angular-2-code-examples},
    keywords = {angular}
}

@misc{DodsonGuideToWebComponents,
    title = {{A Guide to Web Components}},
    year = {2014},
    author = {Dodson, Rob},
    url = {https://css-tricks.com/modular-future-web-components},
    keywords = {angular}
}

@article{Li2017,
    title = {{A State-of-the-Art Review of Augmented Reality in Engineering Analysis and Simulation}},
    year = {2017},
    journal = {Multimodal Technologies and Interaction},
    author = {Li, Wenkai and Nee, A. and Ong, S.},
    isbn = {2414-4088},
    doi = {10.3390/mti1030017},
    issn = {2414-4088}
}

@misc{appleObjectiveC,
    title = {{About Objective-C}},
    year = {2016},
    author = {inc., Apple},
    url = {https://developer.apple.com/library/content/documentation/Cocoa/Conceptual/ProgrammingWithObjectiveC/Introduction/Introduction.html#//apple_ref/doc/uid/TP40011210-CH1-SW1},
    keywords = {objective-c}
}

@misc{googleAndroidDoku,
    title = {{About Swift}},
    year = {2016},
    author = {inc., Google and inc., Apple},
    url = {https://developer.apple.com/library/content/documentation/Swift/Conceptual/Swift_Programming_Language/ https://developer.android.com/},
    keywords = {android, swift}
}

@misc{adobePhoneGap,
    title = {{Adobe Announces Agreement to Acquire Nitobi, Creator of PhoneGap}},
    year = {2011},
    author = {Systems, Adobe},
    url = {http://www.adobe.com/aboutadobe/pressroom/pressreleases/201110/AdobeAcquiresNitobi.html},
    keywords = {adobe}
}

@misc{googleAndroidNDKDoku,
    title = {{Android NDK}},
    year = {2016},
    author = {inc., Google},
    url = {https://developer.android.com/ndk/index.html},
    keywords = {androidNDK}
}

@misc{LynchAngularComponents,
    title = {{Angular 2 Series: Components}},
    year = {2015},
    author = {Lynch, Max},
    url = {http://blog.ionic.io/angular-2-series-components},
    keywords = {angular}
}

@misc{PrechtAngularTemplateSyntax,
    title = {{Angular 2 Template syntax demystified}},
    year = {2016},
    author = {Precht, Pascal},
    url = {http://blog.thoughtram.io/angular/2015/08/11/angular-2-template-syntax-demystified-part-1.html},
    keywords = {angular}
}

@misc{ionic2Anounce,
    title = {{Announcing Ionic 2, RC 2!}},
    year = {2016},
    author = {Carney, Brandy},
    url = {http://blog.ionic.io/announcing-ionic-2-rc-2/},
    keywords = {ionic}
}

@misc{cordovaApplicationArchitecture,
    title = {{Apache Cordova - Architecture}},
    year = {2016},
    author = {Foundation, Apache Software},
    url = {https://cordova.apache.org/docs/en/latest/guide/overview/index.html},
    keywords = {cordova}
}

@misc{cordovaSupportedPlatforms,
    title = {{Apache Cordova - Supported Platforms}},
    year = {2016},
    author = {Foundation, Apache Software},
    url = {https://cordova.apache.org/#supported_platforms_section},
    keywords = {cordova}
}

@misc{appleAppleWatchProgrammingGuide,
    title = {{App Programming Guide for watchOS}},
    year = {2016},
    author = {inc., Apple},
    url = {https://developer.apple.com/library/content/documentation/General/Conceptual/WatchKitProgrammingGuide/index.html},
    keywords = {appleWatch}
}

@misc{appleReview,
    title = {{App Review Guidelines}},
    year = {2016},
    author = {Inc., Apple},
    url = {https://developer.apple.com/app-store/review/},
    keywords = {apple}
}

@misc{CrossleyCordovaAppleWatchPlugin,
    title = {{Apple Watch Plugin for Apache Cordova}},
    year = {2016},
    author = {Crossley, Lee},
    url = {https://github.com/leecrossley/cordova-plugin-apple-watch},
    keywords = {Apple watch}
}

@phdthesis{Ruther2014,
    title = {{Assistive Systems for Quality Assurance by Context-Aware User Interfaces in Health Care and Production}},
    year = {2014},
    author = {R{\"{u}}ther, Stefan},
    school = {Bielefeld University}
}

@unpublished{Zobel2016,
    title = {{Augmented Reality am Arbeitsplatz der Zukunft: Ein Usability-Framework für Smart Glasses}},
    year = {2016},
    author = {Zobel, Benedikt and Berkemeier, Lisa and Werning, Sebastian and Thomas, Oliver},
    institution = {Gesellschaft für Informatik}
}

@incollection{Hein2016,
    title = {{Augmented Reality Smart Glasses and Knowledge Management: A Conceptual Framework for Enterprise Social Networks}},
    year = {2016},
    booktitle = {Enterprise Social Networks},
    author = {Hein, Daniel W E and Rauschnabel, Philipp A and Hein, D W E and Rauschnabel, P A},
    isbn = {9788578110796},
    doi = {10.1007/978-3-658-12652-0{\_}5},
    issn = {1098-6596},
    pmid = {25246403},
    arxivId = {arXiv:1011.1669v3}
}

@misc{Spinger2014,
    title = {{Bosch: Was Smart Glasses in der Logistik bringen - SAP News Center}},
    year = {2014},
    author = {Spinger, Uta},
    url = {https://news.sap.com/germany/bosch-smart-glasses-der-logistik-bringen/}
}

@misc{TranspilingVsCompiling,
    title = {{COMPILING VS TRANSPILING}},
    year = {2012},
    author = {Fenton, Steve},
    url = {https://www.stevefenton.co.uk/2012/11/compiling-vs-transpiling/},
    keywords = {transpiling}
}

@unpublished{Berkemeier2017,
    title = {{Datenschutzrechtliche Anforderungen an Smart Glasses- basierende Informationssysteme in der Logistik}},
    year = {2017},
    author = {Berkemeier, Lisa and McGuire, Mary-Rose and Steinmann, Sabrina and Niemöller, Christina and Thomas, Oliver},
    institution = {Gesellschaft f{\"{u}}r Informatik},
    address = {Bonn}
}

@misc{angularDependencyInjectionDoku,
    title = {{DEPENDENCY INJECTION}},
    year = {2016},
    author = {inc., Google},
    url = {https://angular.io/docs/ts/latest/guide/dependency-injection.html},
    keywords = {angular, dependencyInjection}
}

@misc{DeutschePostDHLGroup2017,
    title = {{DHL Supply Chain etabliert Datenbrillen als neuen Standard in der Logistik}},
    year = {2017},
    author = {{Deutsche Post DHL Group}},
    url = {http://www.dpdhl.com/de/presse/pressemitteilungen/2017/dhl_supply_chain_etabliert_datenbrillen_standard_logistik.html}
}

@article{ThomasDirkMetzgerHelmutNiegemannHrsg2018,
    title = {{Digitalisierung in der Aus-und Weiterbildung Virtual und Augmented Reality f{\"{u}}r Industrie 4.0}},
    year = {2018},
    author = {Thomas Dirk Metzger Helmut Niegemann Hrsg, Oliver}
}

@misc{compatTableES6,
    title = {{ECMAScript compatibility table}},
    year = {2016},
    author = {N., N},
    url = {https://kangax.github.io/compat-table/es6/},
    keywords = {objective-c}
}

@techreport{Rauschnabel2015,
    title = {{Einsatzmöglichkeiten von Smart Glasses in Unternehmen}},
    year = {2015},
    author = {Rauschnabel, Philipp A.},
    institution = {University of Michigan}
}

@misc{Panetta2017a,
    title = {{Gartner Top 10 Strategic Technology Trends for 2018 - Smarter With Gartner}},
    year = {2017},
    booktitle = {Gartner},
    author = {Panetta, Kasey},
    url = {https://www.gartner.com/smarterwithgartner/gartner-top-10-strategic-technology-trends-for-2018/}
}

@misc{browserGPS,
    title = {{Geolocation API Specification}},
    year = {2016},
    author = {Popescu, Andrei},
    url = {http://www.w3.org/TR/geolocation-API/},
    keywords = {webapp}
}

@misc{StatistaGlobalRvenues,
    title = {{Global paid-for mobile app revenues from 2011 to 2017 (in million U.S. dollars)}},
    year = {2016},
    author = {{statista}},
    url = {https://www.statista.com/statistics/273122/global-paid-for-mobile-app-revenues-forecast/},
    keywords = {MarketStatistics}
}

@misc{statistaSmartwatches2014-2018,
    title = {{Global smartwatch unit sales 2014-2018}},
    author = {{(Statista 2018)}},
    url = {https://www.statista.com/statistics/538237/global-smartwatch-unit-sales/}
}

@misc{appleWatchPayloadMaximumDatatransfer,
    title = {{How big can the payload be when sending data via WatchConnectivity?}},
    year = {2016},
    author = {N., N},
    url = {http://stackoverflow.com/a/35076706},
    keywords = {appleWatch}
}

@misc{HygieneFuldar2012,
    title = {{Hygiene-Skandal am Fuldaer Klinikum: Mancher glaubt bis heute an Sabotage - Rhein-Main}},
    year = {2012},
    booktitle = {Frankfurter Allgemeine Zeitung},
    url = {http://www.faz.net/aktuell/rhein-main/hygiene-skandal-am-fuldaer-klinikum-mancher-glaubt-bis-heute-an-sabotage-11648542.html}
}

@inproceedings{Pobiruchin2014,
    title = {{Improving Health Care Processes by Smart Glasses – Opportunities and Perils}},
    year = {2014},
    booktitle = {Conference on Medical Informatics in Europe 2014},
    author = {Pobiruchin, Monika and Wiesner, Martin and Hetterich, Christian and Pfeifer, Daniel},
    keywords = {Future Trends, Health Care, Smart Glasses}
}

@phdthesis{Svensson2015,
    title = {{Improving Usability and Efficiency in Warehouse operation, using Smart Glasses}},
    year = {2015},
    author = {Svensson, Jonas and Thomasson, Jakob},
    school = {Lund University}
}

@article{Meiners2016,
    title = {{Industrie 4.0 : Smart Glasses f{\"{u}}r den Logistiksektor}},
    year = {2016},
    journal = {Ihkmagazin},
    author = {Meiners, Andreas},
    number = {August},
    pages = {34--35}
}

@misc{Manokaran-Pathamathan2017,
    title = {{Industrie 4.0 – Einsatz von Smart Wearables bei der Arbeitsunterst{\"{u}}tzung}},
    year = {2017},
    author = {Manokaran-Path,amathan, Mathura},
    url = {http://accso.de/magazin/smart-wearables/}
}

@article{Lee2017,
    title = {{Interaction Methods for Smart Glasses}},
    year = {2017},
    author = {Lee, Lik-Hang and Hui, Pan},
    number = {0},
    pages = {1--35},
    volume = {1},
    url = {http://arxiv.org/abs/1707.09728},
    doi = {10.1109/ACCESS.2018.2831081},
    issn = {21693536},
    arxivId = {1707.09728}
}

@misc{MoronyAngularAndIonicConcepts,
    title = {{Ionic 2 First Look Series: New Angular 2 Concepts {\&} Syntax}},
    year = {2015},
    author = {Morony, Josh},
    url = {http://www.joshmorony.com/ionic-2-first-look-series-new-angular-2-concepts-syntax},
    keywords = {ionic}
}

@misc{ionic2Docu,
    title = {{Ionic v2 docs}},
    year = {2016},
    author = {{Ionic}},
    url = {https://ionicframework.com/docs/v2},
    keywords = {ionic}
}

@misc{appleDokuJSONSerialization,
    title = {{JSONSerialization}},
    year = {2016},
    author = {Inc., Apple},
    url = {https://developer.apple.com/reference/foundation/jsonserialization},
    keywords = {JSONSerialization}
}

@misc{gitMMWormhole,
    title = {{MMWormhole}},
    year = {2015},
    author = {Mobile, Mutual},
    url = {https://github.com/mutualmobile/MMWormhole},
    keywords = {MMWormhole}
}

@misc{persistenceJSDoku,
    title = {{persistence.js}},
    year = {2015},
    author = {N., N},
    url = {https://github.com/coresmart/persistencejs},
    keywords = {persistenceJS}
}

@misc{INTRALOGISTIK2016,
    title = {{Pick-by-Vision - Smart Glasses in der Kommissionierung}},
    year = {2016},
    author = {{INTRALOGISTIK}},
    url = {https://intralogistik.tips/pick-by-vision-smart-glasses-in-der-kommissionierung/}
}

@misc{safariRef,
    title = {{Safari HTML Reference}},
    year = {2016},
    author = {Inc., Apple},
    url = {https://developer.apple.com/library/content/documentation/AppleApplications/Reference/SafariHTMLRef/Articles/MetaTags.html},
    keywords = {webapp}
}

@article{Niemoller2017,
    title = {{Sind Smart Glasses die Zukunft der Digitalisierung von Arbeitsprozessen? Explorative Fallstudien zuk{\"{u}}nftiger Einsatzszenarien in der Logistik}},
    year = {2017},
    journal = {International Conference on Wirtschaftsinformatik (WI2017)},
    author = {Niem{\"{o}}ller, Christina and Zobel, Benedikt and Berkemeier, Lisa and Metzger, Dirk and Werning, Sebastian and Adelmeyer, Thomas and Ickerott, Ingmar and Thomas, Oliver},
    number = {2017},
    pages = {410--424},
    url = {http://aisel.aisnet.org/cgi/viewcontent.cgi?article=1059&context=wi2017},
    address = {Osnabrück},
    keywords = {13 th international conference, 2017, dienstleistungssysteme, digitalisierung von logistikprozessen, fallstudie, february 12-15, gallen, on wirtschaftsinformatik, smart glasses, st, switzerland}
}

@phdthesis{Farnaz2016,
    title = {{Smart Glasses Design-Exploring user perception of wearable computing}},
    year = {2016},
    author = {Farnaz, Vahab Pour Roudsari},
    pages = {95},
    school = {University of Lapland}
}

@unpublished{Plutz,
    title = {{Smart Glasses in der Produktion}},
    author = {Plutz, Martin and Böckmann, Markus Große and Siebenkotten, Philipp and Schmitt, Robert},
    pages = {1--23},
    institution = {Fraunhofer-Instituts für Produktionstechnologie IPT}
}

@misc{Schreier,
    title = {{Smart Glasses werden Standard in DHL-Lagern}},
    author = {Schreier, Jürgen},
    url = {https://www.industry-of-things.de/smart-glasses-werden-standard-in-dhl-lagern-a-630974/}
}

@techreport{Bertarini2014,
    title = {{Smart glasses: Interaction, privacy and social implications}},
    year = {2014},
    author = {Bertarini, Marica},
    institution = {ETH Zurich},
    address = {Zurich}
}

@article{Schweizer2014,
    title = {{Smart glasses: technology and applications}},
    year = {2014},
    journal = {Ubiquitous computing seminar},
    author = {Schweizer, Herman}
}

@article{EUDGConnect2016,
    title = {{Smart Wearables : Reflection and Orientation Paper}},
    year = {2016},
    author = {{EU DG Connect}},
    pages = {31}
}

@misc{ChaffeyMarketStatisticsUsageAndAdoption,
    title = {{Statistics on consumer mobile usage and adoption to inform your mobile marketing strategy mobile site design and app development}},
    year = {2016},
    author = {Chaffey, Dave},
    url = {http://www.smartinsights.com/mobile-marketing/mobile-marketing-analytics/mobile-marketing-statistics/},
    keywords = {MarketStatistics}
}

@misc{strategyAnalyticsMarktanteile,
    title = {{Strategy Analytics: Android Captures Record 88 Percent Share of Global Smartphone Shipments in Q3 2016}},
    year = {2016},
    author = {Sui, Linda},
    url = {https://www.strategyanalytics.com/strategy-analytics/news/strategy-analytics-press-releases/strategy-analytics-press-release/2016/11/02/strategy-analytics-android-captures-record-88-percent-share-of-global-smartphone-shipments-in-q3-2016#.WDcRtObhCUm},
    keywords = {marktanteile}
}

@article{Klinker2018,
    title = {{Structure for innovations : A use case taxonomy for smart glasses in service processes}},
    year = {2018},
    author = {Klinker, Kai and Berkemeier, Lisa and Zobel, Benedikt and W{\"{u}}ller, Hanna and Huck-, Veronika and Wiesche, Manuel and Remmers, Hartmut and Thomas, Oliver and Krcmar, Helmut},
    pages = {1599--1610},
    keywords = {health care, maintenance, service, smart glasses, taxonomy}
}

@misc{angularDocuBasicArchitecture,
    title = {{The basic building blocks of Angular applications}},
    year = {2016},
    url = {https://angular.io/docs/ts/latest/guide/architecture.html},
    keywords = {angular}
}

@unpublished{Due2014Glasses,
    title = {{The future of smart glasses: An essay about challenges and possibilities with smart glasses}},
    year = {2014},
    author = {Due, Brian L.},
    pages = {1--21},
    series = {Working papers on interaction and communication},
    institution = {Centre of Interaction Research and Communication Design, University of Copenhagen},
    address = {Copenhagen},
    doi = {978-87-93300-02-6}
}

@article{Ernst2016,
    title = {{The Usage of Augmented Reality Smartglasses: The Role of Perceived Substitutability}},
    year = {2016},
    journal = {AMCIS 2016 Proceedings},
    author = {Ernst, Claus-Peter H. and Stock, Bastian and dos Santos Ferreira, Tiago Patrick},
    keywords = {augmented reality smartglasses, enjoyment, substitutability, usefulness}
}

@article{Hiranaka2017,
    title = {{The Use of Smart Glasses for Surgical Video Streaming}},
    year = {2017},
    journal = {Surgical Innovation},
    author = {Hiranaka, Takafumi and Nakanishi, Yuta and Fujishiro, Takaaki and Hida, Yuichi and Tsubosaka, Masanori and Shibata, Yosaku and Okimura, Kenjiro and Uemoto, Harunobu},
    isbn = {1553350616685},
    doi = {10.1177/1553350616685431},
    issn = {15533514},
    pmid = {28068887},
    keywords = {NOTES, orthopedic surgery, surgical education}
}

@article{Title2015,
    title = {{The use of smart glasses in healthcare - review}},
    year = {2015},
    journal = {MEDtube Science},
    author = {Title, Running and Count, Word and Of, Conflict},
    number = {4},
    pages = {8--37},
    volume = {4},
    url = {https://medtube.net/science/wp-content/uploads/2017/03/04-2015.pdf#page=31}
}

@misc{McGee,
    title = {{TIME Names Google Glass A 'Best Invention Of 2012' - Marketing Land}},
    author = {McGee, Matt},
    url = {https://marketingland.com/time-names-google-glass-a-best-invention-of-2012-25933}
}

@misc{titaniumAbout,
    title = {{Titanium Guides Project: JS Environment}},
    year = {2010},
    author = {Whinnery, Kevin},
    url = {https://www.appcelerator.com/blog/2010/12/titanium-guides-project-js-environment/},
    keywords = {titanium}
}

@misc{mobileStat,
    title = {{Top 8 Mobile Operating Systems from Nov 2015 to Oct 2016}},
    year = {2016},
    url = {http://gs.statcounter.com/#mobile_os-ww-monthly-201511-201610-bar},
    keywords = {mobileSystems}
}

@misc{Panetta2017,
    title = {{Top Trends in the Gartner Hype Cycle for Emerging Technologies, 2017}},
    year = {2017},
    author = {Panetta, Kasey},
    url = {https://www.gartner.com/smarterwithgartner/top-trends-in-the-gartner-hype-cycle-for-emerging-technologies-2017/}
}

@misc{MicrosoftTypeScriptDoku,
    title = {{Typescript- Documentation}},
    year = {2016},
    author = {Corporation, Microsoft},
    url = {http://www.typescriptlang.org/},
    keywords = {Typescript}
}

@misc{uiWebView,
    title = {{UIWebView Class Reference}},
    year = {2016},
    author = {Inc., Apple},
    url = {https://developer.apple.com/reference/uikit/uiwebview},
    keywords = {apple}
}

@misc{Brandt2015,
    title = {{Uniklinik Mannheim: Verdreckte Skalpelle k{\"{o}}nnten Zehntausende gef{\"{a}}hrdet haben}},
    year = {2015},
    author = {Brandt, Klaus},
    url = {https://www.zeit.de/wissen/gesundheit/2015-05/uniklinik-mannheim-hygiene-op-besteck}
}

@article{Dobbelstein2016,
    title = {{Unobtrusive Interaction for Wearable Computing}},
    year = {2016},
    journal = {Proceedings of the 2016 CHI Conference Extended Abstracts on Human Factors in Computing Systems - CHI EA '16},
    author = {Dobbelstein, David},
    pages = {203--207},
    url = {http://dl.acm.org/citation.cfm?doid=2851581.2859016},
    isbn = {9781450340823},
    doi = {10.1145/2851581.2859016},
    keywords = {Social acceptance, Unobtrusive, Wearable input}
}

@misc{appleDokuCppObjectiveC,
    title = {{Using C++ With Objective-C}},
    year = {2010},
    author = {inc., Apple},
    url = {http://web.archive.org/web/20101204020949/http://developer.apple.com/library/mac/documentation/Cocoa/Conceptual/ObjectiveC/Articles/ocCPlusPlus.html},
    keywords = {cpp, objectiveC}
}

@misc{appleWatchInterfaceGuidelines,
    title = {{watchOS Human Interface Guidelines}},
    year = {2016},
    author = {inc., Apple},
    url = {https://developer.apple.com/watchos/human-interface-guidelines/overview/},
    keywords = {appleWatch}
}

@article{Zheng2015,
    title = {{Wearable Solution for Industrial Maintenance}},
    year = {2015},
    journal = {Extended Abstracts of the ACM CHI'15 Conference on Human Factors in Computing Systems},
    author = {Zheng, Xianjun Sam and Silva, Patrik Matos da and Foucault, Cedric and Dasari, Siddharth and Yuan, Meng and Goose, Stuart},
    number = {June 2014},
    pages = {311--314},
    volume = {2},
    url = {http://dx.doi.org/10.1145/2702613.2725442},
    isbn = {9781450331463},
    doi = {10.1145/2702613.2725442}
}

@misc{Levy2015,
    title = {{What’s New in Gartner’s Hype Cycle for Emerging Technologies, 2015}},
    year = {2015},
    author = {Levy, Heather Pemberton},
    url = {https://www.gartner.com/smarterwithgartner/whats-new-in-gartners-hype-cycle-for-emerging-technologies-2015/}
}